@book{textbook,
	author={Halliday, Resnick and Walker},
	year={2023},
	title={Fundamentals of Physics},
	edition={6},
	publisher={Addison-Wesley Professional}
}

@book{labManual,
	author={Schultz, D.},
	title={General Physics I: Mechanics Lab Manual},
	year={Spring 2004},
	publisher={CWRU Bookstore}
}